@misc{Robertson_currying_2018,
	title = {currying - {How} to curry functions in {Haskell}},
	url = {https://stackoverflow.com/a/54006458/5232876},
	urldate = {2022-01-06},
	journal = {Stack Overflow},
	date = {2019-01-02},
	author = {Robertson, Dan}
}

@online{MAINIERO_algebraic_2020,
	title = {Algebraic {Data} {Types} in {Java}},
	url = {https://www.sidion.de/lernen/sidion-labor/blog/algebraic-data-types-in-java.html},
	urldate = {2022-01-06},
	author={Mainiero, Nicolai},
	date={2020-11-03}
}


@misc{muzietto_state_2014,
	title = {The state monad in {Java} 8, eventually…},
	url = {https://faustinelli.wordpress.com/2014/04/25/the-state-monad-in-java-8-eventually/},
	abstract = {This is no tutorial about the state monad and I’d be foolish if I hoped to use all these convoluted snippets of strongly-typed generics-laden Java code to show the monad’s beautiful ess…},
	urldate = {2022-01-13},
	journal = {Marco Faustinelli's Muzietto Blog},
	author = {{Faustinelli, Marco}},
	date={2015-04-25}
}

@misc{fowler_understanding_2015,
	title = {Understanding the {Optional} {Monad} in {Java} 8},
	url = {https://medium.com/coding-with-clarity/understanding-the-optional-monad-in-java-8-e3000d85ffd2},
	abstract = {What are monads? Let’s start with a play about the smug answer:},
	urldate = {2022-01-13},
	journal = {Coding With Clarity},
	author = {Fowler, Matt},
	date={2015-10-16}
}
