@misc{Robertson_currying_2018,
	title = {currying - {How} to curry functions in {Haskell}},
	url = {https://stackoverflow.com/questions/54006099/how-to-curry-functions-in-haskell},
	urldate = {2022-01-06},
	journal = {Stack Overflow},
	date = {2019},
	author = {Dan Robertson}
}

@online{MAINIERO_algebraic_2020,
	title = {Algebraic {Data} {Types} in {Java} - sidion},
	url = {https://www.sidion.de/lernen/sidion-labor/blog/algebraic-data-types-in-java.html},
	urldate = {2022-01-06},
	author={NICOLAI MAINIERO},
	date={2020/11/03},
	file = {Algebraic Data Types in Java - sidion:C\:\\Users\\domin\\Zotero\\storage\\EI7S5CWT\\algebraic-data-types-in-java.html:text/html},
}
